<record><leader>00000cas a22000007a 4500</leader><controlfield tag="001">17374472</controlfield><controlfield tag="008">880122d19uu19uumsuwr ne      0    0eng d</controlfield><datafield ind1=" " ind2=" " tag="010"><subfield code="a">sn 88067107 </subfield></datafield><datafield ind1=" " ind2=" " tag="040"><subfield code="a">MFM</subfield><subfield code="b">eng</subfield><subfield code="c">MFM</subfield><subfield code="d">MSJ</subfield><subfield code="d">OCL</subfield><subfield code="d">OCLCQ</subfield></datafield><datafield ind1=" " ind2=" " tag="042"><subfield code="a">msc</subfield></datafield><datafield ind1="0" ind2=" " tag="130"><subfield code="a">Advance (Pontotoc, Miss.)</subfield></datafield><datafield ind1="1" ind2="4" tag="245"><subfield code="a">The Advance.</subfield></datafield><datafield ind1=" " ind2=" " tag="260"><subfield code="a">Pontotoc, Miss. :</subfield><subfield code="b">C.E. Franklin</subfield></datafield><datafield ind1=" " ind2=" " tag="310"><subfield code="a">Weekly</subfield></datafield><datafield ind1=" " ind2=" " tag="588"><subfield code="a">Description based on: Jan. 23, 1908; title from publisher's statement.</subfield></datafield><datafield ind1=" " ind2=" " tag="752"><subfield code="a">United States</subfield><subfield code="b">Mississippi</subfield><subfield code="c">Pontotoc</subfield><subfield code="d">Pontotoc.</subfield></datafield></record>